
@Article { a,
  author = { John Domingue and Erkki Sutinen },
  title = {{ Software Visualization }},
  journal = { Journal of Visual Languages and Computing },
  year = { 2002 },
  howpublished = {  },
}

@Article { b,
  author = { Tobias Lauer },
  title = {{ Reevaluating and Refining the Engagement Taxonomy }},
  journal = { ITiCSE },
  year = { 2008 },
  howpublished = {  },
}

@Article { c,
  author = { Christopher Hundhausen and Sarah Douglas },
  title = {{ Shifting from ``High Fidelity'' to ``Low Fidelity'' Algorithm Visualization Technology }},
  journal = { Conference on Human Factors in Computing Systems },
  year = { 2000 },
  howpublished = {  },
}

@Article { d,
  author = { Pilu Crescenzi },
  title = {{ Using AVs to Explain NP-completeness }},
  journal = { ITiCSE },
  year = { 2010 },
  howpublished = {  },
}

@Article { e,
  author = { Guido {Rößling} and Florian Lindner },
  title = {{ Visualizing Compression Algorithms on-the-fly }},
  journal = { ITiCSE },
  year = { 2009 },
  howpublished = {  },
}

@Article { f,
  author = { Guido {Rößling} and Thomas L. Naps },
  title = {{ A Testbed for Pedagogical Requirements in Algorithm Visualization }},
  journal = { ITiCSE },
  year = { 2002 },
  howpublished = {  },
}

@Article { g,
  author = { David Burlinson et. al },
  title = {{ Bridges: A System to Enable Creation of Engaging Data Structures Assignments with Real-World Data and Visualizations }},
  journal = { SIGCSE },
  year = { 2016 },
  howpublished = {  },
}

@Article { h,
  author = { Guido Rössling and Bernd Freisleben },
  title = {{ ANIMAL: A System for Supporting Multiple Roles in Algorithm Animation }},
  journal = { Journal of Visual Languages and Computing },
  year = { 2002 },
  howpublished = {  },
}

@Article { i,
  author = { Steven Hansen, N. Hari Narayanan and Mary Hegarty },
  title = {{ Designing Educationally Effective Algorithm Visualizations }},
  journal = { Journal of Visual Languages and Computing },
  year = { 2002 },
  howpublished = {  },
}

@Article { j,
  author = { Christopher Hundhausen, Sarah Douglas and John Stasko },
  title = {{ A Meta-Study of Algorithm Visualization Effectiveness }},
  journal = { Journal of Visual Languages and Computing },
  year = { 2002 },
  howpublished = {  },
}

@Misc { vue,
  key = { vue },
  title = {{ Vue.js Documentation }},
  howpublished = { https://vuejs.org/ },
}

@Misc { vuex,
  key = { vuex },
  title = {{ Vuex Documentation }},
  howpublished = { https://vuex.vuejs.org/ },
}

@Misc { vue-comparison,
  key = { vue-comparison },
  title = {{ Vue Comparison with Other Frameworks }},
  howpublished = { https://vuejs.org/v2/guide/comparison.html/ },
}

@Misc { top-js-libraries,
  key = { top-js-libraries },
  title = {{ Top JavaScript Libraries \& Tech to Learn in 2018 }},
  howpublished = { https://medium.com/javascript-scene/top-javascript-libraries-tech-to-learn-in-2018-c38028e028e6 },
}

@Misc { angular-react-vue,
  key = { angular-react-vue },
  title = {{ Angular vs. React vs. Vue: A 2017 comparison }},
  howpublished = { https://medium.com/unicorn-supplies/angular-vs-react-vs-vue-a-2017-comparison-c5c52d620176 },
}

@Misc { vue-launch,
  key = { vue-launch },
  title = {{ First Week of Launching Vue.js }},
  howpublished = { http://blog.evanyou.me/2014/02/11/first-week-of-launching-an-oss-project/ },
}
